@article{xu2017bim,
  title={BIM-BASED INDOOR PATH PLANNING CONSIDERING OBSTACLES.},
  author={Xu, Man and Wei, Shuangfeng and Zlatanova, Sisi and Zhang, Ruiju},
  journal={ISPRS Annals of Photogrammetry, Remote Sensing \& Spatial Information Sciences},
  volume={4},
  year={2017}
}

%@online{weird_building,
%title = {Strange building shape},
%  url = {https://www.google.com/search?q=floor+plan+of+weird+shaped+building&sxsrf=ALeKk01TMKyDH2aDiv5Exjms3YsilIXRPw:1601363289444&source=lnms&tbm=isch&sa=X&ved=2ahUKEwjT4ZeQ543sAhUElIsKHU33Bp0Q_AUoAXoECAwQAw&biw=1920&bih=937#imgrc=G6Fc02_O0ur7VM}}
%}

@book{cormen2009introduction,
  title={Introduction to algorithms},
  author={Cormen, Thomas H and Leiserson, Charles E and Rivest, Ronald L and Stein, Clifford},
  year={2009},
  publisher={MIT press}
}

@book{bondy1976graph,
  title={Graph theory with applications},
  author={Bondy, John Adrian and Murty, Uppaluri Siva Ramachandra and others},
  volume={290},
  year={1976},
  publisher={Macmillan London}
}


@misc{spot,
  author="BostonDynamics",
  title = {Spot shop},
  url = {https://shop.bostondynamics.com/spot?cclcl=en_US&pid=aDl6g000000XdpZCAS]},
  note = {Accessed: 2021-3-20}
}

@article{flood1956traveling,
  title={The traveling-salesman problem},
  author={Flood, Merrill M},
  journal={Operations research},
  volume={4},
  number={1},
  pages={61--75},
  year={1956},
  publisher={INFORMS}
}



%https://www.fastcompany.com/40530106/this-is-literally-the-black-mirror-robot-dog